@misc{datasheet,
  author={Texas Instruments},
  title={CC1350 SimpleLink™ Ultra-Low-Power Dual-Band Wireless MCU},
  howpublished = "\url{http://www.ti.com/lit/ds/symlink/cc1350.pdf}",
  note={Acessado em 31 maio, 2018},
  publisher={Texas Instruments},
  year={2016},
  month ={jun},
}

@booklet{apostilaSE,
    title        = "Projeto de Sistemas Embarcados",
    author       = "Carlos Eduardo Cugnasca",
    howpublished = "Escola Politécnica, Universidade de São Paulo",
    year         = "2018",
    note         = "Apostila da disciplina PCS 3548 Sistemas Embarcados, Departamento de Engenharia de Computação e Sistemas Digitais"
}

@online{bluetooth,
    title = "Introduction to Bluetooth Low Energy: A basic overview of key concepts for BLE",
    month = "mar",
    year  = "2014",
    url   = "https://learn.adafruit.com/introduction-to-bluetooth-low-energy/gatt"
}

@booklet{larissaamaralmiltonbiscaro,
    title        = "Beacon Bluetooth para Localização em Ambientes Internos",
    author       = "Larissa Amaral, Milton Biscaro",
    howpublished = "Escola Politécnica, Universidade de São Paulo",
    year         = "2017",
    note         = "Dissertação para disciplina PCS 3432 Laboratório de Processadores I, Departamento de Engenharia de Computação e Sistemas Digitais"
}
